% This file was created with JabRef 2.4.2.
% Encoding: UTF8
@article{haykin:1994,
	title={Neural Networks: A Comprehensive Foundation: Macmillan College Publishing Company},
	author={Haykin, Simon},
	journal={New York},
	year={1994}
}
@article{castanedo:2013,
	title={A review of data fusion techniques},
	author={Castanedo, Federico},
	journal={The Scientific World Journal},
	volume={2013},
	year={2013},
	publisher={Hindawi Publishing Corporation}
}

@article{sermpinis:2013,
	title={Forecasting foreign exchange rates with adaptive neural networks using radial-basis functions and particle swarm optimization},
	author={Sermpinis, Georgios and Theofilatos, Konstantinos and Karathanasopoulos, Andreas and Georgopoulos, Efstratios F and Dunis, Christian},
	journal={European Journal of Operational Research},
	volume={225},
	number={3},
	pages={528--540},
	year={2013},
	publisher={Elsevier}
}

@ARTICLE{chan:2010,
	title={Forecasting Malaysian Exchange Rate: Do Artificial Neural Networks Work?},
	author={Chan, Tzehaw and Lye, Chun Teck and Hooy, Chee-Wooi},
	year={2010}
}

@article{donate:2013,
	title={Time series forecasting using a weighted cross-validation evolutionary artificial neural network ensemble},
	author={Donate, Juan Peralta and Cortez, Paulo and S{\'a}Nchez, Germ{\'a}N Guti{\'e}Rrez and De Miguel, Araceli Sanchis},
	journal={Neurocomputing},
	volume={109},
	pages={27--32},
	year={2013},
	publisher={Elsevier}
}

@article{sermpinis:2012,
	title={Forecasting and trading the EUR/USD exchange rate with gene expression and psi sigma neural networks},
	author={Sermpinis, Georgios and Laws, Jason and Karathanasopoulos, Andreas and Dunis, Christian L},
	journal={Expert Systems with Applications},
	volume={39},
	number={10},
	pages={8865--8877},
	year={2012},
	publisher={Elsevier}
}

@book{lisboa:2000,
	title={Business applications of neural networks: the state-of-the-art of real-world applications},
	author={Lisboa, Paulo JG and Vellido, Alfredo and Edisbury, Bill},
	volume={13},
	year={2000},
	publisher={World scientific}
}

@article{vellido:1999,
	title={Neural networks in business: a survey of applications (1992--1998)},
	author={Vellido, Alfredo and Lisboa, Paulo JG and Vaughan, J},
	journal={Expert systems with applications},
	volume={17},
	number={1},
	pages={51--70},
	year={1999},
	publisher={Elsevier}
}


@article{widrow:1990,
	title={30 years of adaptive neural networks: perceptron, madaline, and backpropagation},
	author={Widrow, Bernard and Lehr, Michael A},
	journal={Proceedings of the IEEE},
	volume={78},
	number={9},
	pages={1415--1442},
	year={1990},
	publisher={IEEE}
}
@INPROCEEDINGS{298623,
	author={M. Riedmiller and H. Braun},
	booktitle={Neural Networks, 1993., IEEE International Conference on},
	title={A direct adaptive method for faster backpropagation learning: the RPROP algorithm},
	year={1993},
	pages={586-591 vol.1},
	keywords={adaptive systems;backpropagation;feedforward neural nets;RPROP algorithm;direct adaptive method;error function;faster backpropagation learning;gradient decent type;multilayer feedforward networks;neural nets;weight-updates;Acceleration;Backpropagation algorithms;Computer networks;Convergence;Feedforward systems;Neurons;Supervised learning;Writing},
	doi={10.1109/ICNN.1993.298623},
	month={},}

@inproceedings{baestaens:1995,
	title={Tracking the Amsterdam stock index using neural networks},
	author={Baestaens, Dirk Emma and van den Bergh, Willem Max},
	booktitle={Neural networks in the capital markets},
	volume={10},
	pages={149--162},
	year={1995},
	organization={Wiley: New York}
}

@book{pandya:1995,
	title={Pattern recognition with neural networks in C++},
	author={Pandya, Abhijit S and Macy, Robert B},
	year={1995},
	publisher={CRC press}
}


@book{beale:1990,
	title={Neural Computing-an introduction},
	author={Beale, Russell and Jackson, Tom},
	year={1990},
	publisher={CRC Press}
}


@mastersthesis{talati:2000,
	title={Forecasting foreign exchange rates using neural networks},
	author={Talati, Amit H},
	year={2000},
	school={Florida Atlantic University}
}
@article{ochi:2002,
	title={Survival prediction using artificial neural networks in patients with uterine cervical cancer treated by radiation therapy alone},
	author={Ochi, Takashi and Murase, Kenya and Fujii, Takashi and Kawamura, Masashi and Ikezoe, Junpei},
	journal={International journal of clinical oncology},
	volume={7},
	number={5},
	pages={0294--0300},
	year={2002},
	publisher={Springer}
}


@article{maqsood:2004,
	title={An ensemble of neural networks for weather forecasting},
	author={Maqsood, Imran and Khan, Muhammad Riaz and Abraham, Ajith},
	journal={Neural Computing \& Applications},
	volume={13},
	number={2},
	pages={112--122},
	year={2004},
	publisher={Springer}
}




@article{adhikari:2013,
	title={A homogeneous ensemble of artificial neural networks for time series forecasting},
	author={Adhikari, Ratnadip and Agrawal, RK},
	journal={arXiv preprint arXiv:1302.6210},
	year={2013}
}

@inproceedings{gao:2010,
	title={Application of Artificial Neural Network in forecasting water consumption of Populus (P.$\times$ euramericana cv.“74/76”) seedlings},
	author={Gao, Wei-dong and Ma, Lu-yi and Jia, Zhong-kui and Ning, Yang-cui},
	booktitle={2010 International Conference on Computer Application and System Modeling (ICCASM 2010)},
	volume={5},
	pages={V5--585},
	year={2010},
	organization={IEEE}
}



@article{philip:2011,
	title={Artificial neural network model for forecasting foreign exchange rate},
	author={Philip, Adewole Adetunji and Taofiki, Akinwale Adio and Bidemi, Akintomide Ayo},
	journal={World of Computer Science and Information Technology Journal},
	volume={1},
	number={3},
	pages={110--118},
	year={2011}
}
@article{lawrence:1993,
	title={Introduction to neural networks},
	author={Lawrence, Jeannette},
	year={1993},
	publisher={California Scientific, Nevada City, CA 95959.}
}
@article{baum:1989,
	title={What size net gives valid generalization?},
	author={Baum, Eric B and Haussler, David},
	journal={Neural computation},
	volume={1},
	number={1},
	pages={151--160},
	year={1989},
	publisher={MIT Press}
}



@inproceedings{chan:1995,
	title={Enhancing technical analysis in the Forex market using neural networks},
	author={Chan, Keith CC and Teong, Foo Kean},
	booktitle={Neural Networks, 1995. Proceedings., IEEE International Conference on},
	volume={2},
	pages={1023--1027},
	year={1995},
	organization={IEEE}
}


@inproceedings{hua:2010,
	title={Exchange rate prediction through ANN Based on Kernel Regression},
	author={Hua, Xian and Zhang, Defu and Leung, Stephen CH},
	booktitle={Business Intelligence and Financial Engineering (BIFE), 2010 Third International Conference on},
	pages={39--43},
	year={2010},
	organization={IEEE}
}



@article{cao:2005,
	title={A comparison between Fama and French's model and artificial neural networks in predicting the Chinese stock market},
	author={Cao, Qing and Leggio, Karyl B and Schniederjans, Marc J},
	journal={Computers \& Operations Research},
	volume={32},
	number={10},
	pages={2499--2512},
	year={2005},
	publisher={Elsevier}
}

@article{pacelli:2011,
	title={An artificial neural network model to forecast exchange rates},
	author={Pacelli, Vincenzo and Bevilacqua, Vitoantonio and Azzollini, Michele and others},
	journal={Journal of Intelligent Learning Systems and Applications},
	volume={3},
	number={02},
	pages={57},
	year={2011},
	publisher={Scientific Research Publishing}
}

@article{tenti:1996,
	title={Forecasting foreign exchange rates using recurrent neural networks},
	author={Tenti, Paolo},
	journal={Applied Artificial Intelligence},
	volume={10},
	number={6},
	pages={567--582},
	year={1996},
	publisher={Taylor \& Francis}
}


@inproceedings{hansen:1992,
	title={Ensemble methods for handwritten digit recognition},
	author={Hansen, Lars Kai and Liisberg, Christian and Salamon, Peter},
	booktitle={Neural Networks for Signal Processing [1992] II., Proceedings of the 1992 IEEE-SP Workshop},
	pages={333--342},
	year={1992},
	organization={IEEE}
}


@inproceedings{giacomel:2015,
	title={Improving financial time series prediction through output classification by a neural network ensemble},
	author={Giacomel, Felipe and Pereira, Adriano CM and Galante, Renata},
	booktitle={International Conference on Database and Expert Systems Applications},
	pages={331--338},
	year={2015},
	organization={Springer}
}


@article{adhikari:2013,
	title={A homogeneous ensemble of artificial neural networks for time series forecasting},
	author={Adhikari, Ratnadip and Agrawal, RK},
	journal={arXiv preprint arXiv:1302.6210},
	year={2013}
}

@article{shao:2014,
	title={An artificial neural network ensemble method for fault diagnosis of proton exchange membrane fuel cell system},
	author={Shao, Meng and Zhu, Xin-Jian and Cao, Hong-Fei and Shen, Hai-Feng},
	journal={Energy},
	volume={67},
	pages={268--275},
	year={2014},
	publisher={Elsevier}
}

@article{linares:2013,
	title={An artificial neural network ensemble model for estimating global solar radiation from Meteosat satellite images},
	author={Linares-Rodriguez, Alvaro and Ruiz-Arias, Jos{\'e} Antonio and Pozo-Vazquez, David and Tovar-Pescador, Joaquin},
	journal={Energy},
	volume={61},
	pages={636--645},
	year={2013},
	publisher={Elsevier}
}

@inproceedings{nagahamulla:2012,
	title={An ensemble of artificial neural networks in rainfall forecasting},
	author={Nagahamulla, Harshani RK and Ratnayake, Uditha R and Ratnaweera, Asanga},
	booktitle={Advances in ICT for Emerging Regions (ICTer), 2012 International Conference on},
	pages={176--181},
	year={2012},
	organization={IEEE}
}



